@misc{ijc,
    author = {Ozan Yigit},
    title = {Hash Functions},
    journal = {Electrical Engineering and Computer Science},
    howpublished = {online},
	year = {2003},
	month = sep,
    url = {http://www.cse.yorku.ca/~oz/hash.html},
	note = {\url{http://www.cse.yorku.ca/~oz/hash.html}},
}
@misc{djb2,
    author = {Filip Stanis},
	title = {{008 - djb2 hash}},
	journal = {Art in Code},
    howpublished = {online},
	year = {2019},
	month = sep,
	note = {\url{https://theartincode.stanis.me/008-djb2}},
	url = {https://theartincode.stanis.me/008-djb2}
}